<record xmlns:xsi="http://www.w3.org/2001/XMLSchema-instance" xmlns="http://www.loc.gov/MARC21/slim" xsi:schemaLocation="http://www.loc.gov/MARC21/slim http://www.loc.gov/standards/marcxml/schema/MARC21slim.xsd">

  <leader>00552nam a2200157Ia 4500</leader>
  <datafield tag="999" ind1=" " ind2=" ">
    <subfield code="c">2385</subfield>
    <subfield code="d">2385</subfield>
  </datafield>
  <controlfield tag="008">180912b1998    cr ||||| |||| 00| | fre d</controlfield>
  <datafield ind2=" " ind1=" " tag="090">
    <subfield code="a">19.02.08 </subfield>
    <subfield code="b">927</subfield>
  </datafield>
  <datafield tag="110" ind1=" " ind2=" ">
    <subfield code="a">UNESCO</subfield>
    <subfield code="9">1248</subfield>
  </datafield>
  <datafield ind2="0" tag="245" ind1="1">
    <subfield code="a">Informe de síntesis de las naciones unidas acerca de la cultura de paz / </subfield>
    <subfield code="c">Organización de las Naciones Unidas para la Educación, la Ciencia y la Cultura</subfield>
  </datafield>
  <datafield ind1=" " tag="260" ind2=" ">
    <subfield code="a">París, Francia : </subfield>
    <subfield code="b">UNESCO, </subfield>
    <subfield code="c">1998</subfield>
  </datafield>
  <datafield ind1=" " tag="300" ind2=" ">
    <subfield code="a">paginación irregular</subfield>
  </datafield>
  <datafield ind2="4" ind1="1" tag="650">
    <subfield code="a">CULTURA </subfield>
    <subfield code="9">378</subfield>
  </datafield>
  <datafield tag="650" ind1="1" ind2="4">
    <subfield code="a">PAZ</subfield>
    <subfield code="9">725</subfield>
  </datafield>
  <datafield ind2="4" tag="650" ind1="1">
    <subfield code="a">INFORMES SOBRE PROYECTOS</subfield>
    <subfield code="9">3986</subfield>
  </datafield>
  <datafield tag="942" ind1=" " ind2=" ">
    <subfield code="2">z</subfield>
    <subfield code="c">01</subfield>
  </datafield>
</record>